@book{guide,
  title={Art gallery theorems and algorithms},
  author={O'rourke, Joseph},
  volume={57},
  year={1987},
  publisher={Oxford University Press Oxford}
}