@book{RECHAndBook,
    title={Recommender systems handbook},
    author={RICCI, Francesco and ROKACH, Lior and SHAPIRA, Bracha and KANTOR, B., PAUL},
    year={2011},
    isbn={978-0-387-85819-7},
    publisher={Springer New York Dordrecht Heidelberg London}
}
@onlineinproceedings{xue2005scalable,
    title={Scalable collaborative filtering using cluster-based smoothing},
    author={XUE, Gui-Rong and LIN, Chenxi and YANG, Qiang and XI, Wensi and ZENG, Hua-Jun and YU, Yong and CHEN, Zheng},
    booktitle={Proceedings of the 28th annual international ACM SIGIR conference on Research and development in information retrieval},
    howpublished={[online]},
    pages={114--121},
    year={August 15 - 19, 2005},
    organization={ACM},
    note={[cit. 2018-03-08]},
    url={https://dl.acm.org/citation.cfm?id=1076056}
}
@incollection{shakhnarovich2006nearest,
    title={Introduction},
    author={SHAKHNAROVICH, Gregory and DARRELL, Trevor and INDYK, Piotr},
    booktitle={Nearest-neighbor methods in learning and vision: theory and practice},
    pages={1--12},
    howpublished={[online]},
    year={March 24, 2006},
    publisher={The MIT press},
    address={Cambridge, Messachusetts, London, England},
    isbn={0-262-19547-X}
}
@onlinearticle{wang2014hashing,
    author={Jingdong WANG and Heng Tao SHEN and Jingkuan SONG and Jianqiu JI},
    title={Hashing for Similarity Search: {A} Survey},
    journal={CoRR},
    volume={abs/1408.2927},
    howpublished={[online]},
    year={Submitted on 13 Aug 2014},
    url={http://arxiv.org/abs/1408.2927},
    note={[cit. 2018-03-11]},
    archivePrefix={arXiv},
    eprint={1408.2927},
    biburl={https://dblp.org/rec/bib/journals/corr/WangSSJ14},
    bibsource={dblp computer science bibliography, https://dblp.org}
}

@onlinearticle{argerich2017generic,
    title={Generic {LSH} Families for the Angular Distance Based on Johnson-Lindenstrauss Projections and Feature Hashing {LSH}},
    author={ARGERICH, Luis and GOLMAR, Natalia},
    journal={CoRR},
    howpublished={[online]},
    volume={abs/1704.04684},
    note={[cit. 2018-03-17]},
    url={http://arxiv.org/abs/1704.04684},
    archivePrefix={arXiv},
    eprint={1704.04684},
    biburl={https://dblp.org/rec/bib/journals/corr/ArgerichG17},
    bibsource={dblp computer science bibliography, https://dblp.org},
    year={Submitted on 15 Apr 2017}
}

@onlineinproceedings{lv2007multi,
    title={Multi-probe LSH: efficient indexing for high-dimensional similarity search},
    author={LV, Qin and JOSEPHSON, William and WANG, Zhe and CHARIKAR, Moses and LI, Kai},
    howpublished={[online]},
    note={[cit. 2018-03-17]},
    series={VLDB '07},
    location={Vienna, Austria},
    booktitle={Proceedings of the 33rd international conference on Very large data bases},
    pages={950--961},
    numpages={12},
    isbn={978-1-59593-649-3},
    acmid={1325958},
    url={http://dl.acm.org/citation.cfm?id=1325851.1325958},
    year={September 23 - 27, 2007},
    organization={VLDB Endowment}
}


@onlineinproceedings{Steck:2011:IPR:2043932.2043957,
    author={STECK, Harald},
    title={Item Popularity and Recommendation Accuracy},
    booktitle={Proceedings of the Fifth ACM Conference on Recommender Systems},
    series={RecSys '11},
    howpublished={[online]},
    year={October 23 - 27, 2011},
    isbn={978-1-4503-0683-6},
    location={Chicago, Illinois, USA},
    pages={125--132},
    note={[cit. 2018-03-19]},
    numpages={8},
    url={doi:10.1145/2043932.2043957},
    acmid={2043957},
    publisher={ACM},
    address={New York, NY, USA},
    keywords={recommender systems},
} 

